% ---------------------------------------------------------------------------------
% BibTeX file
% $Id: Thesis.bib,v 1.42 2012/07/23 16:36:02 matsch Exp $

% ---------------------------------------------------------------------------------
% THEORY chapter
@article{bib:HiggsMass,
      author         = "Aad, Georges and others",
      title          = "{Combined Measurement of the Higgs Boson Mass in $pp$
                        Collisions at $\sqrt{s}=7$ and 8 TeV with the ATLAS and
                        CMS Experiments}",
      collaboration  = "ATLAS, CMS",
      journal        = "Phys. Rev. Lett.",
      volume         = "114",
      year           = "2015",
      pages          = "191803",
      doi            = "10.1103/PhysRevLett.114.191803",
      eprint         = "1503.07589",
      archivePrefix  = "arXiv",
      primaryClass   = "hep-ex",
      reportNumber   = "ATLAS-HIGG-2014-14, CMS-HIG-14-042, CERN-PH-EP-2015-075",
      SLACcitation   = "%%CITATION = ARXIV:1503.07589;%%"
}

@article{bib:W_discovery,
      author         = "Arnison, G. and others",
      title          = "{Experimental Observation of Isolated Large Transverse
                        Energy Electrons with Associated Missing Energy at
                        s**(1/2) = 540-GeV}",
      booktitle      = "{GLUONS AND HEAVY FLAVORS. PROCEEDINGS, HADRONIC SESSION
                        OF THE 18TH RENCONTRE DE MORIOND, LA PLAGNE, FRANCE,
                        JANUARY 23-29, 1983. VOL. 1}",
      collaboration  = "UA1",
      journal        = "Phys. Lett.",
      volume         = "B122",
      year           = "1983",
      pages          = "103-116",
      doi            = "10.1016/0370-2693(83)91177-2",
      note           = "[,611(1983)]",
      reportNumber   = "CERN-EP-83-13",
      SLACcitation   = "%%CITATION = PHLTA,B122,103;%%"
}

@article{bib:Z_discovery,
      author         = "Arnison, G. and others",
      title          = "{Experimental Observation of Lepton Pairs of Invariant
                        Mass Around 95-GeV/c**2 at the CERN SPS Collider}",
      booktitle      = "{In *Ithaca 1983, Proceedings, Lepton and Photon
                        Interactions At High Energies*, 27-52, IN *BOLOGNA 1984,
                        PROCEEDINGS, FIFTY YEARS OF WEAK-INTERACTION PHYSICS*
                        779-791. PHYS. LETT. B126 (1983) 398-410) AND CERN GENEVA
                        - CERN-EP 83-073 (83,REC.JUN.) 32 P. (SEE CONFERENCE
                        INDEX), In *Cline, D.B. (ed.): Weak neutral currents*
                        7.55-7.67}",
      collaboration  = "UA1",
      journal        = "Phys. Lett.",
      volume         = "B126",
      year           = "1983",
      pages          = "398-410",
      doi            = "10.1016/0370-2693(83)90188-0",
      reportNumber   = "CERN-EP-83-73",
      SLACcitation   = "%%CITATION = PHLTA,B126,398;%%"
}

@article{bib:HiggsMechanism_Salam_1968,
      author         = "Salam, Abdus",
      title          = "{Weak and Electromagnetic Interactions}",
      booktitle      = "{8th Nobel Symposium Lerum, Sweden, May 19-25, 1968}",
      journal        = "Conf. Proc.",
      volume         = "C680519",
      year           = "1968",
      pages          = "367-377",
      SLACcitation   = "%%CITATION = CONFP,C680519,367;%%"
}

@article{bib:HiggsMechanism_Weinberg_1967,
      author         = "Weinberg, Steven",
      title          = "{A Model of Leptons}",
      journal        = "Phys. Rev. Lett.",
      volume         = "19",
      year           = "1967",
      pages          = "1264-1266",
      doi            = "10.1103/PhysRevLett.19.1264",
      SLACcitation   = "%%CITATION = PRLTA,19,1264;%%"
}

@article{bib:HiggsMechanism_Glashow_1961,
      author         = "Glashow, S. L.",
      title          = "{Partial Symmetries of Weak Interactions}",
      journal        = "Nucl. Phys.",
      volume         = "22",
      year           = "1961",
      pages          = "579-588",
      doi            = "10.1016/0029-5582(61)90469-2",
      SLACcitation   = "%%CITATION = NUPHA,22,579;%%"
}

@article{bib:HiggsMechanism_Kibble_1967,
      author         = "Kibble, T. W. B.",
      title          = "{Symmetry breaking in nonAbelian gauge theories}",
      journal        = "Phys. Rev.",
      volume         = "155",
      year           = "1967",
      pages          = "1554-1561",
      doi            = "10.1103/PhysRev.155.1554",
      SLACcitation   = "%%CITATION = PHRVA,155,1554;%%"
}

@article{bib:HiggsMechanism_Higgs_1966,
      author         = "Higgs, Peter W.",
      title          = "{Spontaneous Symmetry Breakdown without Massless Bosons}",
      journal        = "Phys. Rev.",
      volume         = "145",
      year           = "1966",
      pages          = "1156-1163",
      doi            = "10.1103/PhysRev.145.1156",
      SLACcitation   = "%%CITATION = PHRVA,145,1156;%%"
}

@article{bib:HiggsMechanism_Guralnik_Hagen_Kibble,
      author         = "Guralnik, G. S. and Hagen, C. R. and Kibble, T. W. B.",
      title          = "{Global Conservation Laws and Massless Particles}",
      journal        = "Phys. Rev. Lett.",
      volume         = "13",
      year           = "1964",
      pages          = "585-587",
      doi            = "10.1103/PhysRevLett.13.585",
      SLACcitation   = "%%CITATION = PRLTA,13,585;%%"
}

@article{bib:HiggsMechanism_Brout_Englert,
      author         = "Englert, F. and Brout, R.",
      title          = "{Broken Symmetry and the Mass of Gauge Vector Mesons}",
      journal        = "Phys. Rev. Lett.",
      volume         = "13",
      year           = "1964",
      pages          = "321-323",
      doi            = "10.1103/PhysRevLett.13.321",
      SLACcitation   = "%%CITATION = PRLTA,13,321;%%"
}

@article{bib:Higgs_Prediction_2,
      author         = "Higgs, Peter W.",
      title          = "{Broken Symmetries and the Masses of Gauge Bosons}",
      journal        = "Phys. Rev. Lett.",
      volume         = "13",
      year           = "1964",
      pages          = "508-509",
      doi            = "10.1103/PhysRevLett.13.508",
      SLACcitation   = "%%CITATION = PRLTA,13,508;%%"
}

@article{bib:Higgs_Prediction,
      author         = "Higgs, Peter W.",
      title          = "{Broken symmetries, massless particles and gauge fields}",
      journal        = "Phys. Lett.",
      volume         = "12",
      year           = "1964",
      pages          = "132-133",
      doi            = "10.1016/0031-9163(64)91136-9",
      SLACcitation   = "%%CITATION = PHLTA,12,132;%%"
}

@book{bib:SM_book_Peskin,
      author         = "{Peskin, Michael E. and Schroeder, Daniel V.}",
      title          = "{An Introduction To Quantum Field Theory}",
      publisher      = {Westview Press},
      year           = "{1995}"
}

@book{bib:SM_book_Ryder,
      author         = "{Ryder, L. H.}",
      title          = "{QUANTUM FIELD THEORY}",
      publisher      = "Cambridge University Press",
      year           = "1996",
      reportNumber   = "ISBN-9780521237642",
      ISBN           = "9780521478144, 9781139632393",
      SLACcitation   = "%%CITATION = ISBN-9780521237642;%%"
}

@book{bib:SM_book_Griffiths,
      author         = "Griffiths, David",
      title          = "{Introduction to Elementary Particles}",
      publisher      = {Wiley},
      year           = "2008",
      reportNumber   = "ISBN-9783527406012",
      SLACcitation   = "%%CITATION = ISBN-9783527406012;%%"
}

@article{bib:Theory:GFitter,
      author         = "Baak, M. and Goebel, M. and Haller, J. and Hoecker, A.
                        and Kennedy, D. and Kogler, R. and Moenig, K. and Schott,
                        M. and Stelzer, J.",
      title          = "{The Electroweak Fit of the Standard Model after the
                        Discovery of a New Boson at the LHC}",
      journal        = "Eur. Phys. J.",
      volume         = "C72",
      year           = "2012",
      pages          = "2205",
      doi            = "10.1140/epjc/s10052-012-2205-9",
      eprint         = "1209.2716",
      archivePrefix  = "arXiv",
      primaryClass   = "hep-ph",
      reportNumber   = "DESY-12-154",
      SLACcitation   = "%%CITATION = ARXIV:1209.2716;%%"
}

@article{bib:Theory:CMS:HiggsObservation,
      author         = "Chatrchyan, Serguei and others",
      title          = "{Observation of a new boson at a mass of 125 GeV with the
                        CMS experiment at the LHC}",
      collaboration  = "CMS",
      journal        = "Phys. Lett.",
      volume         = "B716",
      year           = "2012",
      pages          = "30-61",
      doi            = "10.1016/j.physletb.2012.08.021",
      eprint         = "1207.7235",
      archivePrefix  = "arXiv",
      primaryClass   = "hep-ex",
      reportNumber   = "CMS-HIG-12-028, CERN-PH-EP-2012-220",
      SLACcitation   = "%%CITATION = ARXIV:1207.7235;%%"
}

@article{bib:Theory:Atlas:HiggsObservation,
      author         = "Aad, Georges and others",
      title          = "{Observation of a new particle in the search for the
                        Standard Model Higgs boson with the ATLAS detector at the
                        LHC}",
      collaboration  = "ATLAS",
      journal        = "Phys. Lett.",
      volume         = "B716",
      year           = "2012",
      pages          = "1-29",
      doi            = "10.1016/j.physletb.2012.08.020",
      eprint         = "1207.7214",
      archivePrefix  = "arXiv",
      primaryClass   = "hep-ex",
      reportNumber   = "CERN-PH-EP-2012-218",
      SLACcitation   = "%%CITATION = ARXIV:1207.7214;%%"
}

% ---------------------------------------------------------------------------------
% RESOLUTION chapter
@phdthesis{bib:Matthias_Thesis,
      author         = "Schr{\"o}der, Matthias",
      title          = "{Quality of jet measurements and impact on a search for
                        new physics at CMS}",
      school         = "Hamburg U.",
      year           = "2012",
      note            = "\url{http://www-library.desy.de/cgi-bin/showprep.pl?thesis12-042}",
      reportNumber   = "DESY-THESIS-2012-042, CERN-THESIS-2012-176,
                        CMS-TS-2012-040",
      SLACcitation   = "%%CITATION = DESY-THESIS-2012-042;%%"
}

@article{bib:CMS:JERCPaper_2011,
      author         = "Chatrchyan, Serguei and others",
      title          = "{Determination of Jet Energy Calibration and Transverse
                        Momentum Resolution in CMS}",
      collaboration  = "CMS",
      journal        = "JINST",
      volume         = "6",
      year           = "2011",
      pages          = "P11002",
      doi            = "10.1088/1748-0221/6/11/P11002",
      eprint         = "1107.4277",
      archivePrefix  = "arXiv",
      primaryClass   = "physics.ins-det",
      reportNumber   = "CERN-PH-EP-2011-102, CMS-JME-10-011",
      SLACcitation   = "%%CITATION = ARXIV:1107.4277;%%"
}


@article{bib:AN:JetId_8TeV,
      author      = "{N. Saoulidou and E. Tziaferi}",
      title       = "Performance of the Particle-Flow jet identification criteria using proton-proton collisions at $\sqrt{s}= 8\tev$",
      year        = "2014",
      journal     = {CMS Analysis Note},
      volume      = "\href{http://cms.cern.ch/iCMS/jsp/openfile.jsp?tp=draft&files=AN2014_227_v3.pdf}{CMS-AN-14-227}",
      note        = {Internal documentation}
}

%@article{website:JetIdentification,
%  title   = {Jet Identification},
%  author  = "{CMS Collaboration}",
%  journal = {Internal CMS Wiki},
%  note    = "\href{http://twiki.cern.ch/twiki/bin/view/CMS/JetID#Documentation}{http://twiki.cern.ch/twiki/bin/view/CMS/JetID\#Documentation, Topic revision: r92}",
%  url     = {http://twiki.cern.ch/twiki/bin/view/CMS/JetID#Documentation},
%  year    = {2015}
%}

@misc{bib:JetIDRecommendation_7TeV,
      author = "Nathaniel Odell",
      title = "PF Jet ID Recommendation",
      month = "April",
      year = "2010",
      howpublished = "\url{https://indico.cern.ch/event/89919/contribution/0/attachments/1091238/1556772/PF_JET_ID_Reccomendation.pdf}"
}

@Article{Cacciari:2008gp,
     AUTHOR    = "Cacciari, Matteo and Salam, Gavin P. and Soyez, Gregory",
     TITLE     = "The anti-$k_t$ jet clustering algorithm",
     JOURNAL   = "JHEP",
     VOLUME    = "04",
     YEAR      = "2008",
     PAGES     = "063",
     doi       = "10.1088/1126-6708/2008/04/063",
     eprint         = "0802.1189",
     archivePrefix  = "arXiv",
     primaryClass   = "hep-ex",
}

@article{CMS-PAS-PFT-09-001,
      AUTHOR        = "{CMS Collaboration}",
      COLLABORATION = {CMS},
      TITLE         = "Particle-Flow Event Reconstruction in CMS and Performance for Jets, Taus, and MET",
      journal       = "CMS Physics Analysis Summary",
      YEAR          = "2009",
      volume        = "\href{http://cds.cern.ch/record/1194487}{CMS-PAS-PFT-09-001}", 
      reportNumber  = "CMS-PAS-PFT-09-001",
      SLACcitation   = "%%CITATION = CMS-PAS-PFT-09-001;%%"
}

@article{bib:CMS:PhotonResolution_7TeV,
      author         = "Chatrchyan, Serguei and others",
      title          = "{Energy calibration and resolution of the CMS electromagnetic calorimeter in pp collisions at $\sqrt{s}$ = 7 TeV}",
      collaboration  = "CMS",
      year           = "2013",
      eprint         = "1306.2016",
      archivePrefix  = "arXiv",
      primaryClass   = "hep-ex",
      reportNumber   = "CMS-EGM-11-001, CERN-PH-EP-2013-097",
      SLACcitation   = "%%CITATION = ARXIV:1306.2016;%%",
}

@article{CMS:PAS:JETResolution_7TeV,
      author         = "CMS Collaboration",
      title          = "{Jet Energy Resolution in CMS at sqrt(s)=7 TeV}",
      collaboration  = "CMS",
      journal        = "CMS Physics Analysis Summary",
      year           = "2011",
      volume         = "\href{https://cds.cern.ch/record/1339945}{CMS-PAS-JME-10-014}"
      reportNumber   = "CMS-PAS-JME-10-014",
      SLACcitation   = "%%CITATION = CMS-PAS-JME-10-014;%%"
}


@article{bib:CMS:PhotonIdentification_8TeV,
      author         = "Khachatryan, Vardan and others",
      title          = "{Performance of Photon Reconstruction and Identification with the CMS Detector in Proton-Proton Collisions at $\sqrt{s} = 8\tev$}",
      collaboration  = "CMS",
      journal        = "JINST",
      volume         = "10",
      year           = "2015",
      number         = "08",
      pages          = "P08010",
      doi            = "10.1088/1748-0221/10/08/P08010",
      eprint         = "1502.02702",
      archivePrefix  = "arXiv",
      primaryClass   = "physics.ins-det",
      reportNumber   = "CMS-EGM-14-001, CERN-PH-EP-2015-006",
      SLACcitation   = "%%CITATION = ARXIV:1502.02702;%%"
}



@article{bib:CMS:QCD_measurements,
      author         = "CMS Collaboration",
      title          = "{Measurements of differential dijet cross section in proton-proton collisions at $\sqrt(s)=8$ TeV with the CMS detector}",
      collaboration  = "CMS",
      journal        = "CMS Physics Analysis Summary",
      year           = "2014",
      volume         = "\href{https://cds.cern.ch/record/1709826}{CMS-PAS-SMP-14-002}"
      reportNumber   = "CMS-PAS-SMP-14-002",
      SLACcitation   = "%%CITATION = CMS-PAS-SMP-14-002;%%"
}

@article{bib:CMS:TopCrossSection_8TeV,
      author         = "Khachatryan, Vardan and others",
      title          = "{Measurement of the differential cross section for top
                        quark pair production in pp collisions at $\sqrt{s} =
                        8\,\text {TeV} $}",
      collaboration  = "CMS",
      journal        = "Eur. Phys. J.",
      volume         = "C75",
      year           = "2015",
      number         = "11",
      pages          = "542",
      doi            = "10.1140/epjc/s10052-015-3709-x",
      eprint         = "1505.04480",
      archivePrefix  = "arXiv",
      primaryClass   = "hep-ex",
      reportNumber   = "CMS-TOP-12-028, CERN-PH-EP-2015-117",
      SLACcitation   = "%%CITATION = ARXIV:1505.04480;%%"
}


%@article{bib:CMS-AN-2010-076,
% author  = {F. Pandolfi, D. del Re, M. Voutilainen},
% title   = {Jet Response and Resolution Measurement with Photon+Jet Events},
% journal = {CMS Analysis Note},
% volume  = {CMS-AN-10-076},
% note    = {Internal documentation},
% year    = {2010}
%}


%@article{bib:CMS-AN-2010-141,
%   author  = "{F. Pandolfi, D. del Re, M. Voutilainen}",
%   title   = "Jet Response and Resolution Measurement with Photon+Jet Events at $\sqrt{s}=7$ TeV",
%   journal = {CMS Analysis Note},
%   volume  = {CMS-AN-10-141},
%   note    = {Internal documentation},
%   year        = "2010"
%}

%@article{bib:CMS-AN-2011-004,
%   author  = "{F. Pandolfi, D. del Re, M. Voutilainen}",
%   title   = "Update on Jet Response and Resolution Measurements with Photon+Jet Events at $\sqrt{s}=7$ TeV",
%   journal = {CMS Analysis Note},
%   volume  = {CMS-AN-10-004},
%   note    = {Internal documentation},
%   year    = "2011"
%}

%%%%%%%%%%%%%%%%%%%%%%%%%%%%%%%%%%%%%%%%%%%%%%%%%%%%%%%%%%%%%%%%%%%%%%%%%%%%%%%%%%%%%%%%%%%%%%%%%%%%%%%%%%%%%%%%%%%%%%%%%%%%%%%%%%%%%%%%%%%%%%%%%%%%%%%%%%%%%%%%%%%%%%%%%%%%%%%%%%%%%%%%%%%%%%%%%%%%%%%%%%%%%%%%%%%%%%%%%%%%%%%%%%%%%%%%%%%
% ANALYSIS chapter
@inproceedings{bib:Tevatron:SUSY_results,
      author         = "Adams, T.",
      title          = "{SUSY Searches at the Tevatron}",
      booktitle      = "{Hadron collider physics. Proceedings, 19th Symposium,
                        HCP2008, Galena, USA, May 27-31, 2008}",
      collaboration  = "CDF, D0",
      url            = "https://inspirehep.net/record/792491/files/arXiv:0808.0728.pdf",
      year           = "2008",
      eprint         = "0808.0728",
      archivePrefix  = "arXiv",
      primaryClass   = "hep-ex",
      reportNumber   = "FERMILAB-CONF-08-284-E",
      SLACcitation   = "%%CITATION = ARXIV:0808.0728;%%"
}

@misc{bib:LEP:SUSY_results,
  title = {Joint SUSY Working Group},
  author = "{ALEPH, DELPHI, L3 and OPAL Collaborations}",
  howpublished = {\url{http://lepsusy.web.cern.ch/lepsusy}},
  note = {LEPSUSYWG (June 2004)}
}

@article{bib:CMS:PileupSysUnc,
  title   = {Estimating Systematic Errors Due to Pileup Modeling},
  author  = "{CMS Collaboration}",
  journal = {Internal CMS Wiki},
  note    = "\href{https://twiki.cern.ch/twiki/bin/view/CMS/PileupSystematicErrors}{https://twiki.cern.ch/twiki/bin/view/CMS/PileupSystematicErrors, Topic revision: r11}",
  url     = {https://twiki.cern.ch/twiki/bin/view/CMS/PileupSystematicErrors},
  year    = {2013}
}

@article{bib:CMS:PileupUtilities,
  title   = {Pileup Reweighting Utilities},
  author  = "{CMS Collaboration}",
  journal = {Internal CMS Wiki},
  note    = "\href{https://twiki.cern.ch/twiki/bin/viewauth/CMS/PileupMCReweightingUtilities}{https://twiki.cern.ch/twiki/bin/viewauth/CMS/PileupMCReweightingUtilities, Topic revision: r29}",
  url     = {https://twiki.cern.ch/twiki/bin/viewauth/CMS/PileupMCReweightingUtilities},
  year    = {2012}
}

@article{bib:MassSplitting_Drees,
      author         = "Chen, C. H. and Drees, Manuel and Gunion, J. F.",
      title          = "{Addendum/erratum for 'searching for invisible and almost
                        invisible particles at e+ e- colliders' [hep-ph/9512230]
                        and 'a nonstandard string/SUSY scenario and its
                        phenomenological implications' [hep-ph/9607421]}",
      year           = "1999",
      eprint         = "hep-ph/9902309",
      archivePrefix  = "arXiv",
      primaryClass   = "hep-ph",
      reportNumber   = "UCD-99-2",
      SLACcitation   = "%%CITATION = HEP-PH/9902309;%%"
}


@article{bib:CLS_1999,
      author         = "Junk, Thomas",
      title          = "{Confidence level computation for combining searches with
                        small statistics}",
      journal        = "Nucl. Instrum. Meth.",
      volume         = "A434",
      year           = "1999",
      pages          = "435-443",
      doi            = "10.1016/S0168-9002(99)00498-2",
      eprint         = "hep-ex/9902006",
      archivePrefix  = "arXiv",
      primaryClass   = "hep-ex",
      reportNumber   = "CARLETON-OPAL-PHYS-99-01, CERN-EP-99-041",
      SLACcitation   = "%%CITATION = HEP-EX/9902006;%%"
}

@phdthesis{bib:Ott_Thesis,
      author         = "Ott, Jochen",
      title          = "{Search for Resonant Top Quark Pair Production in the
                        Muon+Jets Channel with the CMS Detector}",
      school         = "Hamburg U.",
      year           = "2013",
      note            = "\url{https://inspirehep.net/record/1296889/files/TS2013_046.pdf}",
      reportNumber   = "CERN-THESIS-2012-262, CERN-THESIS-2012-343,
                        CMS-TS-2013-046, IEKP-KA-2012-25",
      SLACcitation   = "%%CITATION = CERN-THESIS-2012-262;%%"
}

@inproceedings{bib:CLS_2000,
      author         = "Read, Alexander L.",
      title          = "{Modified frequentist analysis of search results (The
                        CL(s) method)}",
      booktitle      = "{Workshop on confidence limits, CERN, Geneva,
                        Switzerland, 17-18 Jan 2000: Proceedings}",
      url            = "http://weblib.cern.ch/abstract?CERN-OPEN-2000-205",
      year           = "2000",
      reportNumber   = "CERN-OPEN-2000-205",
      SLACcitation   = "%%CITATION = CERN-OPEN-2000-205;%%"
}

@article{bib:CLS_2002,
      author         = "Read, Alexander L.",
      title          = "{Presentation of search results: The CL(s) technique}",
      booktitle      = "{Advanced statistical techniques in particle physics.
                        Proceedings, Conference, Durham, UK, March 18-22, 2002}",
      journal        = "J. Phys.",
      volume         = "G28",
      year           = "2002",
      pages          = "2693-2704",
      doi            = "10.1088/0954-3899/28/10/313",
      note           = "[,11(2002)]",
      SLACcitation   = "%%CITATION = JPAGA,G28,2693;%%"
}

@article{bib:CMS:tau_recoEff,
      author         = "Chatrchyan, Serguei and others",
      title          = "{Performance of tau-lepton reconstruction and
                        identification in CMS}",
      collaboration  = "CMS",
      journal        = "JINST",
      volume         = "7",
      year           = "2012",
      pages          = "P01001",
      doi            = "10.1088/1748-0221/7/01/P01001",
      eprint         = "1109.6034",
      archivePrefix  = "arXiv",
      primaryClass   = "physics.ins-det",
      reportNumber   = "CERN-PH-EP-2011-137, CMS-TAU-11-001",
      SLACcitation   = "%%CITATION = ARXIV:1109.6034;%%"
}

@article{bib:CMS:muon_recoEff,
      author         = "Chatrchyan, Serguei and others",
      title          = "{Performance of CMS muon reconstruction in $pp$ collision
                        events at $\sqrt{s}=7$ TeV}",
      collaboration  = "CMS",
      journal        = "JINST",
      volume         = "7",
      year           = "2012",
      pages          = "P10002",
      doi            = "10.1088/1748-0221/7/10/P10002",
      eprint         = "1206.4071",
      archivePrefix  = "arXiv",
      primaryClass   = "physics.ins-det",
      reportNumber   = "CMS-MUO-10-004, CERN-PH-EP-2012-173",
      SLACcitation   = "%%CITATION = ARXIV:1206.4071;%%"
}

@article{bib:CMS:elec_recoEff,
      author         = "Khachatryan, Vardan and others",
      title          = "{Performance of Electron Reconstruction and Selection
                        with the CMS Detector in Proton-Proton Collisions at
                        √s = 8  TeV}",
      collaboration  = "CMS",
      journal        = "JINST",
      volume         = "10",
      year           = "2015",
      number         = "06",
      pages          = "P06005",
      doi            = "10.1088/1748-0221/10/06/P06005",
      eprint         = "1502.02701",
      archivePrefix  = "arXiv",
      primaryClass   = "physics.ins-det",
      reportNumber   = "CMS-EGM-13-001, CERN-PH-EP-2015-004",
      SLACcitation   = "%%CITATION = ARXIV:1502.02701;%%"
}

@misc{bib:PDF_practical,
  title = {Practical implementation of the PDF4LHC recipe},
  author = {Alessandro Vicini},
  howpublished = {\url{http://www.hep.ucl.ac.uk/pdf4lhc/PDF4LHC_practical_guide.pdf}},
  note = {Accessed: 2015-11-27}
}

@article{bib:LimitSetting_Higgs,
      title          = "{Procedure for the LHC Higgs boson search combination in summer 2011}",
      author         = "{CMS and ATLAS Collaborations}",
      year           = "2011",
      journal        = "Technical Report",
      volume         = "{}",
      note           = " \href{http://cds.cern.ch/record/1379837}{CMS-NOTE-2011-005}, \href{http://cds.cern.ch/record/1375842}{ATL-PHYS-PUB-2011-011}",
      reportNumber   = {ATL-PHYS-PUB-2011-011},
      SLACcitation   = "%%CITATION = ATL-PHYS-PUB-2011-011;%%"
}



@article{bib:CMS:Combine,
  title   = {\mbox{Documentation} of the RooStats-based statistics tools for Higgs PAG},
  author  = "{CMS Collaboration}",
  journal = {Internal CMS Wiki},
  note    = "\href{https://twiki.cern.ch/twiki/bin/viewauth/CMS/SWGuideHiggsAnalysisCombinedLimit}{https://twiki.cern.ch/twiki/bin/viewauth/CMS/SWGuideHiggsAnalysisCombinedLimit, Topic rev: r124}",
  url     = {https://twiki.cern.ch/twiki/bin/viewauth/CMS/SWGuideHiggsAnalysisCombinedLimit},
  year    = {2015}
}

@article{bib:pMSSMplot_source_from_DT,
  title   = {Search for disappearing tracks in proton-proton collisions at $\sqrt{s}$ = 8 TeV},
  author  = "{CMS Collaboration}",
  journal = {Public CMS Wiki},
  note    = "\href{https://twiki.cern.ch/twiki/bin/view/CMSPublic/PhysicsResultsEXO12034}{https://twiki.cern.ch/twiki/bin/view/CMSPublic/PhysicsResultsEXO12034, Topic revision: r9}",
  url     = {https://twiki.cern.ch/twiki/bin/view/CMSPublic/PhysicsResultsEXO12034},
  year    = {2015}
}

@article{Botje:2011sn,
      author         = "Botje, Michiel and others",
      title          = "{The PDF4LHC Working Group Interim Recommendations}",
      year           = "2011",
      eprint         = "1101.0538",
      archivePrefix  = "arXiv",
      primaryClass   = "hep-ph",
      SLACcitation   = "%%CITATION = ARXIV:1101.0538;%%"
}

@article{Pumplin:2002vw,
      author         = "Pumplin, J. and Stump, D. R. and Huston, J. and Lai, H.
                        L. and Nadolsky, Pavel M. and Tung, W. K.",
      title          = "{New generation of parton distributions with
                        uncertainties from global QCD analysis}",
      journal        = "JHEP",
      volume         = "07",
      year           = "2002",
      pages          = "012",
      doi            = "10.1088/1126-6708/2002/07/012",
      eprint         = "hep-ph/0201195",
      archivePrefix  = "arXiv",
      primaryClass   = "hep-ph",
      reportNumber   = "MSU-HEP-011101",
      SLACcitation   = "%%CITATION = HEP-PH/0201195;%%"
}

@phdthesis{bib:Kristin_Thesis,
      author         = "Goebel, Kristin",
      title          = "{Probing supersymmetry based on precise jet measurements
                        at the CMS experiment}",
      school         = "U. Hamburg, Dept. Phys.",
      year           = "2015",
      note            = "\url{http://www-library.desy.de/cgi-bin/showprep.pl?thesis15-003}",
      reportNumber   = "DESY-THESIS-2015-003",
      SLACcitation   = "%%CITATION = DESY-THESIS-2015-003;%%"
}

@article{bib:CMS:JME_PAS,
      author         = "CMS Collaboration",
      title          = "{Jet Energy Scale and Resolution in the CMS Experiment}",
      collaboration  = "CMS",
      journal        = "CMS Physics Analysis Summary",
      year           = "2015",
      volume         = "\href{https://cds.cern.ch/record/2033232}{CMS-PAS-JME-13-004}"
      reportNumber   = "CMS-PAS-JME-13-004",
      SLACcitation   = "%%CITATION = CMS-PAS-JME-13-004;%%"
}


@article{bib:CMS:ISR_AN,
 author = "{D. Barge et. al.}",
 title = {Hadronic Recoil Studies of Heavy Boosted Systems},
 journal       = {CMS Analysis Note},
 volume        = {CMS-AN-13-059},
 note = {Internal documentation},
 year          = {2013}
}


@article{bib:CMS:Lumi_PAS,
      author         = "CMS Collaboration",
      title          = "{CMS Luminosity Based on Pixel Cluster Counting - Summer 2013 Update}",
      collaboration  = "CMS",
      journal        = "CMS Physics Analysis Summary",
      year           = "2013",
      volume         = "\href{https://cds.cern.ch/record/1598864}{CMS-PAS-LUM-13-001}"
      reportNumber   = "CMS-PAS-LUM-13-001",
      SLACcitation   = "%%CITATION = CMS-PAS-LUM-13-001;%%"
}

@article{bib:Neyman_1937,
      author         = "J. Neyman",
      journal        = "Phil. Trans. Royal Soc. London, Series  A",
      year           = "1937",
      Reprintedin   = "A Selection of Early Statistical Papers on J. Neyman",
      volume         = "236",
      pages          = "333-80",
      note           ="Reprinted in \textit{A Selection of Early Statistical Papers on J. Neyman} (University of California Press, Berkeley, 1967)"
}

@misc{bib:Danek,
  author = "Kotlinski, Danek",
  date = "2014-04-23",
  howpublished = "personal communication"
}

@article{bib:CMS:ConversionVeto_PAS,
      author         = "CMS Collaboration",
      title          = "{Studies of Tracker Material}",
      collaboration  = "CMS",
      journal        = "CMS Physics Analysis Summary",
      year           = "2010",
      volume         = "\href{https://cds.cern.ch/record/1279138}{CMS-PAS-TRK-10-003}"
      reportNumber   = "CMS-PAS-TRK-10-003",
      SLACcitation   = "%%CITATION = CMS-PAS-TRK-10-003;%%"
}


@article{bib:CMS:ElectronMVA,
      author         = "Chatrchyan, Serguei and others",
      title          = "{Measurement of Higgs boson production and properties in
                        the WW decay channel with leptonic final states}",
      collaboration  = "CMS",
      journal        = "JHEP",
      volume         = "01",
      year           = "2014",
      pages          = "096",
      doi            = "10.1007/JHEP01(2014)096",
      eprint         = "1312.1129",
      archivePrefix  = "arXiv",
      primaryClass   = "hep-ex",
      reportNumber   = "CMS-HIG-13-023, CERN-PH-EP-2013-221",
      SLACcitation   = "%%CITATION = ARXIV:1312.1129;%%"
}

@article{bib:CMS:DM_8TeV_AN,
 author = "{A. Bhatti et. al.}",
 title = {Search for New Physics in the Monojet final state at CMS},
 journal       = {CMS Analysis Note},
 volume        = {CMS-AN-12-421},
 note = {Internal documentation},
 year          = {2012}
}

@article{bib:CMS:DM_8TeV,
      author         = "Khachatryan, Vardan and others",
      title          = "{Search for dark matter, extra dimensions, and
                        unparticles in monojet events in proton–proton
                        collisions at $\sqrt{s} = 8$ TeV}",
      collaboration  = "CMS",
      journal        = "Eur. Phys. J.",
      volume         = "C75",
      year           = "2015",
      number         = "5",
      pages          = "235",
      doi            = "10.1140/epjc/s10052-015-3451-4",
      eprint         = "1408.3583",
      archivePrefix  = "arXiv",
      primaryClass   = "hep-ex",
      reportNumber   = "CMS-EXO-12-048, CERN-PH-EP-2014-164",
      SLACcitation   = "%%CITATION = ARXIV:1408.3583;%%"
}
@article{bib:SignalCrossSection_2012,
      author         = "Fuks, Benjamin and Klasen, Michael and Lamprea, David R.
                        and Rothering, Marcel",
      title          = "{Gaugino production in proton-proton collisions at a
                        center-of-mass energy of 8 TeV}",
      journal        = "JHEP",
      volume         = "1210",
      pages          = "081",
      doi            = "10.1007/JHEP10(2012)081",
      year           = "2012",
      eprint         = "1207.2159",
      archivePrefix  = "arXiv",
      primaryClass   = "hep-ph",
      reportNumber   = "IPHC-PHENO-12-07, MS-TP-12-05",
      SLACcitation   = "%%CITATION = ARXIV:1207.2159;%%",
}

@article{bib:SignalCrossSection_2013,
      author         = "Fuks, Benjamin and Klasen, Michael and Lamprea, David R.
                        and Rothering, Marcel",
      title          = "{Precision predictions for electroweak superpartner
                        production at hadron colliders with Resummino}",
      journal        = "Eur.Phys.J.",
      volume         = "C73",
      pages          = "2480",
      doi            = "10.1140/epjc/s10052-013-2480-0",
      year           = "2013",
      eprint         = "1304.0790",
      archivePrefix  = "arXiv",
      primaryClass   = "hep-ph",
      reportNumber   = "CERN-PH-TH-2013-064, IPHC-PHENO-13-02, MS-TP-13-06",
      SLACcitation   = "%%CITATION = ARXIV:1304.0790;%%",
}

@article{bib:Geant4_2006,
      author         = "Allison, John and others",
      title          = "{Geant4 developments and applications}",
      journal        = "IEEE Trans. Nucl. Sci.",
      volume         = "53",
      year           = "2006",
      pages          = "270",
      doi            = "10.1109/TNS.2006.869826",
      reportNumber   = "SLAC-PUB-11870",
      SLACcitation   = "%%CITATION = IETNA,53,270;%%"
}

@article{bib:Geant4_2003,
      author         = "Agostinelli, S. and others",
      title          = "{GEANT4: A Simulation toolkit}",
      collaboration  = "GEANT4",
      journal        = "Nucl. Instrum. Meth.",
      volume         = "A506",
      year           = "2003",
      pages          = "250-303",
      doi            = "10.1016/S0168-9002(03)01368-8",
      reportNumber   = "SLAC-PUB-9350, FERMILAB-PUB-03-339",
      SLACcitation   = "%%CITATION = NUIMA,A506,250;%%"
}

@article{bib:Pyhtia6_2006,
      author         = "Sjostrand, Torbjorn and Mrenna, Stephen and Skands, Peter
                        Z.",
      title          = "{PYTHIA 6.4 Physics and Manual}",
      journal        = "JHEP",
      volume         = "05",
      year           = "2006",
      pages          = "026",
      doi            = "10.1088/1126-6708/2006/05/026",
      eprint         = "hep-ph/0603175",
      archivePrefix  = "arXiv",
      primaryClass   = "hep-ph",
      reportNumber   = "FERMILAB-PUB-06-052-CD-T, LU-TP-06-13",
      SLACcitation   = "%%CITATION = HEP-PH/0603175;%%"
}

@article{bib:Madgraph_2014,
      author         = "Alwall, J. and Frederix, R. and Frixione, S. and Hirschi,
                        V. and Maltoni, F. and Mattelaer, O. and Shao, H. -S. and
                        Stelzer, T. and Torrielli, P. and Zaro, M.",
      title          = "{The automated computation of tree-level and
                        next-to-leading order differential cross sections, and
                        their matching to parton shower simulations}",
      journal        = "JHEP",
      volume         = "07",
      year           = "2014",
      pages          = "079",
      doi            = "10.1007/JHEP07(2014)079",
      eprint         = "1405.0301",
      archivePrefix  = "arXiv",
      primaryClass   = "hep-ph",
      reportNumber   = "CERN-PH-TH-2014-064, CP3-14-18, LPN14-066, MCNET-14-09,
                        ZU-TH-14-14",
      SLACcitation   = "%%CITATION = ARXIV:1405.0301;%%"
}

@article{bib:ttbar:Czakon_2013,
      author         = "Czakon, Michał and Fiedler, Paul and Mitov, Alexander",
      title          = "{Total Top-Quark Pair-Production Cross Section at Hadron
                        Colliders Through $O(α\frac{4}{S})$}",
      journal        = "Phys. Rev. Lett.",
      volume         = "110",
      year           = "2013",
      pages          = "252004",
      doi            = "10.1103/PhysRevLett.110.252004",
      eprint         = "1303.6254",
      archivePrefix  = "arXiv",
      primaryClass   = "hep-ph",
      reportNumber   = "CERN-PH-TH-2013-056, TTK-13-08",
      SLACcitation   = "%%CITATION = ARXIV:1303.6254;%%"
}

@misc{bib:FEWZ,
  title = {FEWZ 3.1: A User's Guide},
  author = {Ryan Gavin and others},
  howpublished = {\url{http://www.hep.anl.gov/fpetriello/FEWZManual_3.1.pdf}},
  note = {Accessed: 2015-10-27}
}

@article{bib:CMS:Tracking_7TeV_PAS,
      author         = "CMS Collaboration",
      title          = "{Tracking and Primary Vertex Results in First 7 TeV
                        Collisions}",
      collaboration  = "CMS",
      journal        = "CMS Physics Analysis Summary",
      year           = "2010",
      volume         = "\href{http://cds.cern.ch/record/1279383/}{CMS-PAS-TRK-10-005}"
      reportNumber   = "CMS-PAS-TRK-10-005",
      SLACcitation   = "%%CITATION = CMS-PAS-TRK-10-005;%%"
}


@article{bib:CMS:Tracking_2010,
      author         = "CMS Collaboration",
      title          = "{Tracking and Vertexing Results from First Collisions}",
      journal        = "CMS Physics Analysis Summary",
      collaboration  = "CMS",
      year           = "2010",
      volume         = "\href{https://cds.cern.ch/record/1258204}{CMS-PAS-TRK-10-001}"
      reportNumber   = "CMS-PAS-TRK-10-001",
      SLACcitation   = "%%CITATION = CMS-PAS-TRK-10-001;%%"
}

@book{bib:James:StaticticalMethods_2006,
      author         = "James, Frederick",
      title          = "{Statistical methods in experimental physics}",
      journal        = "Hackensack, USA: World Scientific (2006) 345 p",
      year           = "2006",
      reportNumber   = "ISBN-9789812567956",
      SLACcitation   = "%%CITATION = ISBN-9789812567956;%%"
}


@article{bib:Anderson:CramerVonMises_1962,
     jstor_articletype = {research-article},
     title = {On the Distribution of the Two-Sample Cramér-von Mises Criterion},
     author = {Anderson, T. W.},
     journal = {The Annals of Mathematical Statistics},
     jstor_issuetitle = {},
     volume = {33},
     number = {3},
     jstor_formatteddate = {Sep., 1962},
     pages = {pp. 1148-1159},
     url = {http://www.jstor.org/stable/2237885},
     year = {1962},
     publisher = {Institute of Mathematical Statistics},
     copyright = {Copyright © 1962 Institute of Mathematical Statistics},
    }

@article{bib:Bichsel:MPV_1988,
      author         = "Bichsel, H.",
      title          = "{Straggling in Thin Silicon Detectors}",
      journal        = "Rev. Mod. Phys.",
      volume         = "60",
      year           = "1988",
      pages          = "663-699",
      doi            = "10.1103/RevModPhys.60.663",
      SLACcitation   = "%%CITATION = RMPHA,60,663;%%"
}
@misc{bib:NIST,
  title = {National Institute of Standards and Technology},
  howpublished = {\url{http://physics.nist.gov/cgi-bin/Star/compos.pl?mode=text&matno=014}},
  note = {Accessed: 2015-10-21}
}

@article{bib:Theory_AMSB_1998,
      author         = "Giudice, Gian F. and Luty, Markus A. and Murayama,
                        Hitoshi and Rattazzi, Riccardo",
      title          = "{Gaugino mass without singlets}",
      journal        = "JHEP",
      volume         = "12",
      year           = "1998",
      pages          = "027",
      doi            = "10.1088/1126-6708/1998/12/027",
      eprint         = "hep-ph/9810442",
      archivePrefix  = "arXiv",
      primaryClass   = "hep-ph",
      reportNumber   = "CERN-TH-98-337, LBNL-42419, LBL-42419, UCB-PTH-98-50,
                        UMD-PP-99-037",
      SLACcitation   = "%%CITATION = HEP-PH/9810442;%%"
}

@article{bib:Theory_AMSB_1999,
      author         = "Randall, Lisa and Sundrum, Raman",
      title          = "{Out of this world supersymmetry breaking}",
      journal        = "Nucl. Phys.",
      volume         = "B557",
      year           = "1999",
      pages          = "79-118",
      doi            = "10.1016/S0550-3213(99)00359-4",
      eprint         = "hep-th/9810155",
      archivePrefix  = "arXiv",
      primaryClass   = "hep-th",
      reportNumber   = "MIT-CTP-2788, PUPT-1815, BUHEP-98-26",
      SLACcitation   = "%%CITATION = HEP-TH/9810155;%%"
}

@article{bib:Theory_MassGap_2014,
      author         = "Anandakrishnan, Archana and Carpenter, Linda M. and Raby,
                        Stuart",
      title          = "{Degenerate gaugino mass region and mono-boson collider
                        signatures}",
      journal        = "Phys. Rev.",
      volume         = "D90",
      year           = "2014",
      number         = "5",
      pages          = "055004",
      doi            = "10.1103/PhysRevD.90.055004",
      eprint         = "1407.1833",
      archivePrefix  = "arXiv",
      primaryClass   = "hep-ph",
      reportNumber   = "OHSTPY-HEP-T-14-004",
      SLACcitation   = "%%CITATION = ARXIV:1407.1833;%%"
}


@article{bib:Hisano:DarkMatter_2003,
      author         = "Hisano, Junji and Matsumoto, Shigeki and Nojiri, Mihoko
                        M.",
      title          = "{Explosive dark matter annihilation}",
      journal        = "Phys. Rev. Lett.",
      volume         = "92",
      year           = "2004",
      pages          = "031303",
      doi            = "10.1103/PhysRevLett.92.031303",
      eprint         = "hep-ph/0307216",
      archivePrefix  = "arXiv",
      primaryClass   = "hep-ph",
      reportNumber   = "ICRR-REPORT-500-2003-4, YITP-03-42",
      SLACcitation   = "%%CITATION = HEP-PH/0307216;%%"
}

@article{bib:Ibe:DarkMatter_2015,
      author         = "Ibe, Masahiro and Matsumoto, Shigeki and Shirai, Satoshi
                        and Yanagida, Tsutomu T.",
      title          = "{Wino Dark Matter in light of the AMS-02 2015 Data}",
      journal        = "Phys. Rev.",
      volume         = "D91",
      year           = "2015",
      number         = "11",
      pages          = "111701",
      doi            = "10.1103/PhysRevD.91.111701",
      eprint         = "1504.05554",
      archivePrefix  = "arXiv",
      primaryClass   = "hep-ph",
      reportNumber   = "DESY-15-054, IPMU-15-0053",
      SLACcitation   = "%%CITATION = ARXIV:1504.05554;%%"
}

@article{bib:Moroi:DarkMatter_2013,
      author         = "Moroi, Takeo and Nagai, Minoru and Takimoto, Masahiro",
      title          = "{Non-Thermal Production of Wino Dark Matter via the Decay
                        of Long-Lived Particles}",
      journal        = "JHEP",
      volume         = "07",
      year           = "2013",
      pages          = "066",
      doi            = "10.1007/JHEP07(2013)066",
      eprint         = "1303.0948",
      archivePrefix  = "arXiv",
      primaryClass   = "hep-ph",
      reportNumber   = "UT-13-04",
      SLACcitation   = "%%CITATION = ARXIV:1303.0948;%%"
}


@article{bib:Moroi:DarkMatter_1999,
      author         = "Moroi, Takeo and Randall, Lisa",
      title          = "{Wino cold dark matter from anomaly mediated SUSY
                        breaking}",
      journal        = "Nucl. Phys.",
      volume         = "B570",
      year           = "2000",
      pages          = "455-472",
      doi            = "10.1016/S0550-3213(99)00748-8",
      eprint         = "hep-ph/9906527",
      archivePrefix  = "arXiv",
      primaryClass   = "hep-ph",
      reportNumber   = "IASSNS-HEP-99-54, PUPT-1873, MIT-CTP-2873",
      SLACcitation   = "%%CITATION = HEP-PH/9906527;%%"
}

@article{bib:Hisano:DarkMatter_2005,
      author         = "Hisano, Junji and Matsumoto, Shigeki and Nojiri, Mihoko
                        M. and Saito, Osamu",
      title          = "{Direct detection of the Wino and Higgsino-like
                        neutralino dark matters at one-loop level}",
      journal        = "Phys. Rev.",
      volume         = "D71",
      year           = "2005",
      pages          = "015007",
      doi            = "10.1103/PhysRevD.71.015007",
      eprint         = "hep-ph/0407168",
      archivePrefix  = "arXiv",
      primaryClass   = "hep-ph",
      reportNumber   = "ICRR-REPORT-506-2004-4, YITP-04-39",
      SLACcitation   = "%%CITATION = HEP-PH/0407168;%%"
}


@article{bib:CMS:AlphaT_8TeV,
      author         = "Chatrchyan, Serguei and others",
      title          = "{Search for supersymmetry in hadronic final states with
                        missing transverse energy using the variables $\alpha_T$
                        and b-quark multiplicity in pp collisions at $\sqrt s=8$
                        TeV}",
      collaboration  = "CMS",
      journal        = "Eur. Phys. J.",
      volume         = "C73",
      year           = "2013",
      number         = "9",
      pages          = "2568",
      doi            = "10.1140/epjc/s10052-013-2568-6",
      eprint         = "1303.2985",
      archivePrefix  = "arXiv",
      primaryClass   = "hep-ex",
      reportNumber   = "CMS-SUS-12-028, CERN-PH-EP-2013-037",
      SLACcitation   = "%%CITATION = ARXIV:1303.2985;%%"
}


@article{bib:CMS:RA2_8TeV,
      author         = "Chatrchyan, Serguei and others",
      title          = "{Search for new physics in the multijet and missing
                        transverse momentum final state in proton-proton
                        collisions at $\sqrt{s}$= 8 TeV}",
      collaboration  = "CMS",
      journal        = "JHEP",
      volume         = "06",
      year           = "2014",
      pages          = "055",
      doi            = "10.1007/JHEP06(2014)055",
      eprint         = "1402.4770",
      archivePrefix  = "arXiv",
      primaryClass   = "hep-ex",
      reportNumber   = "CMS-SUS-13-012, CERN-PH-EP-2014-015",
      SLACcitation   = "%%CITATION = ARXIV:1402.4770;%%"
}
@article{bib:CMS:MT2_8TeV,
      author         = "Khachatryan, Vardan and others",
      title          = "{Searches for Supersymmetry using the M$_{T2}$ Variable
                        in Hadronic Events Produced in pp Collisions at 8 TeV}",
      collaboration  = "CMS",
      journal        = "JHEP",
      volume         = "05",
      year           = "2015",
      pages          = "078",
      doi            = "10.1007/JHEP05(2015)078",
      eprint         = "1502.04358",
      archivePrefix  = "arXiv",
      primaryClass   = "hep-ex",
      reportNumber   = "CMS-SUS-13-019, CERN-PH-EP-2015-017",
      SLACcitation   = "%%CITATION = ARXIV:1502.04358;%%"
}
@article{bib:ATLAS:JetPlusMET_8TeV,
      author         = "Aad, Georges and others",
      title          = "{Search for squarks and gluinos with the ATLAS detector
                        in final states with jets and missing transverse momentum
                        using $\sqrt{s}=8$ TeV proton--proton collision data}",
      collaboration  = "ATLAS",
      journal        = "JHEP",
      volume         = "09",
      year           = "2014",
      pages          = "176",
      doi            = "10.1007/JHEP09(2014)176",
      eprint         = "1405.7875",
      archivePrefix  = "arXiv",
      primaryClass   = "hep-ex",
      reportNumber   = "CERN-PH-EP-2014-093",
      SLACcitation   = "%%CITATION = ARXIV:1405.7875;%%"
}
@article{bib:CMS:HSCP_8TeV,
      author         = "Chatrchyan, Serguei and others",
      title          = "{Searches for long-lived charged particles in pp
                        collisions at $\sqrt{s}$=7 and 8 TeV}",
      collaboration  = "CMS",
      journal        = "JHEP",
      volume         = "07",
      year           = "2013",
      pages          = "122",
      doi            = "10.1007/JHEP07(2013)122",
      eprint         = "1305.0491",
      archivePrefix  = "arXiv",
      primaryClass   = "hep-ex",
      reportNumber   = "CMS-EXO-12-026, CERN-PH-EP-2013-073",
      SLACcitation   = "%%CITATION = ARXIV:1305.0491;%%"
}
@article{bib:CMS:HSCP_7TeV,
      author         = "Chatrchyan, Serguei and others",
      title          = "{Search for heavy long-lived charged particles in $pp$
                        collisions at $\sqrt{s}=7$ TeV}",
      collaboration  = "CMS",
      journal        = "Phys. Lett.",
      volume         = "B713",
      year           = "2012",
      pages          = "408-433",
      doi            = "10.1016/j.physletb.2012.06.023",
      eprint         = "1205.0272",
      archivePrefix  = "arXiv",
      primaryClass   = "hep-ex",
      reportNumber   = "CMS-EXO-11-022, CERN-PH-EP-2012-093",
      SLACcitation   = "%%CITATION = ARXIV:1205.0272;%%"
}

@article{bib:CMS:HSCP_8TeV_AN,
 author = "{L. Quertenmont at al.}",
 title = {Searches for Heavy Stable Charged Particles with Combined 2011 and 2012 Datasets},
 journal       = {CMS Analysis Note},
 volume        = {CMS-AN-12-293},
 note = {Internal documentation},
 year          = {2013}
}

@article{bib:CMS:DT_8TeV,
      author         = "Khachatryan, V. and others",
      title          = "{Search for disappearing tracks in proton-proton collisions at $ \sqrt{s}=8 $ TeV}",
      collaboration  = "CMS",
      journal        = "JHEP",
      volume         = "01",
      year           = "2015",
      pages          = "096",
      doi            = "10.1007/JHEP01(2015)096",
      eprint         = "1411.6006",
      archivePrefix  = "arXiv",
      primaryClass   = "hep-ex",
      reportNumber   = "CMS-EXO-12-034, CERN-PH-EP-2014-273",
      SLACcitation   = "%%CITATION = ARXIV:1411.6006;%%"
}

@phdthesis{bib:CMS:DT_Thesis,
      key            = "1381347",
      author         = "Brinson, Jessica Danielle",
      title          = "{A search for disappearing tracks in proton-proton collisions at $\sqrt{s}$ = 8 TeV}",
      school         = "Ohio State U.",
      note            = "\url{https://inspirehep.net/record/1381347/files/CERN-THESIS-2015-030.pdf}",
      reportNumber   = "CERN-THESIS-2015-030",
      SLACcitation   = "%%CITATION = CERN-THESIS-2015-030;%%"
}

@article{bib:CMS:DT_8TeV_AN,
 author = "{J. Brinson, C. Hill, and W. Wulsin}",
 title = {Search for disappearing tracks},
 journal       = {CMS Analysis Note},
 volume        = {CMS-AN-12-400},
 note = {Internal documentation},
 year          = {2014}
}

@article{bib:CMS:HSCPReinterpreation_PAS,
      author         = "CMS Collaboration",
      title          = "{Reinterpreting the results of the search for long-lived
                        charged particles in the pMSSM and other BSM scenarios}",
      journal        = "CMS Physics Analysis Summary",
      collaboration  = "CMS",
      year           = "2014",
      volume         = "\href{http://cdsweb.cern.ch/record/1648902}{CMS-PAS-EXO-13-006}"
      reportNumber   = "CMS-PAS-EXO-13-006",
      SLACcitation   = "%%CITATION = CMS-PAS-EXO-13-006;%%"
}
@article{bib:CMS:pMSSMinterpretation_7TeV_PAS,
      author         = "CMS Collaboration",
      title          = "{Phenomenological MSSM interpretation of the CMS 2011
                        5fb-1 results}",
      journal        = "CMS Physics Analysis Summary",
      collaboration  = "CMS",
      year           = "2013",
      volume         = "\href{https://cds.cern.ch/record/1552402}{CMS-PAS-SUS-12-030}"
      reportNumber   = "CMS-PAS-SUS-12-030",
      SLACcitation   = "%%CITATION = CMS-PAS-SUS-12-030;%%"
}
@article{bib:CMS:tracking_8TeV,
      author         = "Chatrchyan, Serguei and others",
      title          = "{Description and performance of track and primary-vertex
                        reconstruction with the CMS tracker}",
      collaboration  = "CMS",
      journal        = "JINST",
      volume         = "9",
      year           = "2014",
      number         = "10",
      pages          = "P10009",
      doi            = "10.1088/1748-0221/9/10/P10009",
      eprint         = "1405.6569",
      archivePrefix  = "arXiv",
      primaryClass   = "physics.ins-det",
      reportNumber   = "CMS-TRK-11-001, CERN-PH-EP-2014-070",
      SLACcitation   = "%%CITATION = ARXIV:1405.6569;%%"
}
@article{bib:CMS:SiliconStripTracker_Cosmics,
      author         = "Chatrchyan, S and others",
      title          = "{Commissioning and Performance of the CMS Silicon Strip
                        Tracker with Cosmic Ray Muons}",
      collaboration  = "CMS",
      journal        = "JINST",
      volume         = "5",
      year           = "2010",
      pages          = "T03008",
      doi            = "10.1088/1748-0221/5/03/T03008",
      eprint         = "0911.4996",
      archivePrefix  = "arXiv",
      primaryClass   = "physics.ins-det",
      reportNumber   = "CMS-CFT-09-002",
      SLACcitation   = "%%CITATION = ARXIV:0911.4996;%%"
}
@article{bib:Bethe_1930,
      author         = "Bethe, H.",
      title          = "{Theory of the Passage of Fast Corpuscular Rays Through
                        Matter}",
      journal        = "Annalen Phys.",
      volume         = "5",
      year           = "1930",
      pages          = "325-400",
      doi            = "10.1002/andp.19303970303",
      note           = "[Annalen Phys.397,325(1930)]",
      SLACcitation   = "%%CITATION = ANPYA,5,325;%%"
}
@article{bib:Bloch_1933,
      author         = "Bloch, F.",
      title          = "{On the Stopping of Fast-Moving Particles in Passage
                        through Matter}",
      journal        = "Annalen Phys.",
      volume         = "408",
      year           = "1933",
      pages          = "285-320",
      doi            = "10.1002/andp.19334080303",
      reportNumber   = "UCRL-TRANS-1367, UC-34-4",
      SLACcitation   = "%%CITATION = ANPYA,408,285;%%"
}
@article{bib:Landau_1944,
      author         = "Landau, L.",
      title          = "{On the energy loss of fast particles by ionization}",
      journal        = "J. Phys.(USSR)",
      volume         = "8",
      year           = "1944",
      pages          = "201-205",
      SLACcitation   = "%%CITATION = JOPYA,8,201;%%"
}
@article{bib:PDG_2014,
      author         = "Olive, K. A. and others",
      title          = "{Review of Particle Physics}",
      collaboration  = "Particle Data Group",
      journal        = "Chin. Phys.",
      volume         = "C38",
      year           = "2014",
      pages          = "090001",
      doi            = "10.1088/1674-1137/38/9/090001",
      SLACcitation   = "%%CITATION = CHPHD,C38,090001;%%"
}
@phdthesis{bib:Quertenmont_2010,
      author         = "Quertenmont, Loïc",
      title          = "{Search for Heavy Stable Charged Particles with the CMS
                        detector at the LHC}",
      school         = "Louvain, U.",
      year           = "2010",
      note            = "\url{https://inspirehep.net/record/1088192/files/openfile.pdf}",
      reportNumber   = "CERN-THESIS-2010-236, CMS-TS-2011-012",
      SLACcitation   = "%%CITATION = CERN-THESIS-2010-236;%%"
}

% ---------------------------------------------------------------------------------




